@Misc{example,
  author = {Example\_a Nachname and Max Musterman},
  title  = {example\_t},
  year   = {2005}
}

@article{test,
  author = {John Smith},
  title = {The Amazing World of LaTeX},
  journal = {Journal of LaTeX},
  year = {2021},
  volume = {1},
  number = {1},
  pages = {1-10},
}

@article{Waterman, 
  title={The RISC-V instruction set}, 
  DOI={10.1109/hotchips.2013.7478332}, 
  journal={2013 IEEE Hot Chips 25 Symposium (HCS)}, 
  author={Waterman, Andrew and Lee, Yunsup and Avizienis, Rimas and Cook, Henry
  and Patterson, David and Asanovic, Krste}, 
  year={2013}
}

@article{Roitzsch,
  title={Software-defined CPU modes}, 
  DOI={10.1145/3593856.3595894}, 
  journal={Proceedings of the 19th Workshop on Hot Topics in Operating Systems}, 
  author={Roitzsch, Michael and Miemietz, Till and Von Elm, Christian and Asmussen, Nils}, 
  year={2023}
} 

@thesis{Cve, 
  title={Programmable Mode-based Memory Isolation}, 
  author={Von Elm, Christian}, 
  year={2023}
}

@article{Waterman_2, 
  DOI={10.21236/ada605735},
  title={The RISC-V instruction set manual. volume 1: User-level ISA, version 2.0},
  author={Waterman, Andrew and Lee, Yunsup and Patterson, David A. and
  Asanovi, Krste},
  year={2014}
} 

@article{gem5, 
  title={The GEM5 simulator}, 
  volume={39},
  DOI={10.1145/2024716.2024718},
  number={2}, 
  journal={ACM SIGARCH Computer Architecture News}, 
  author={Binkert, Nathan and Beckmann, Bradford and Black,
  Gabriel and Reinhardt, Steven and Saidi, Ali and Basu, Arkaprava and Hestness,
  Joel and Hower, Derek and Krishna, Tushar and Sardashti, Somayeh and et al.},
  year={2011},
  month={May}
}

@misc{Corbet, 
  title={Memory protection keys}, 
  note={\url{https://lwn.net/Articles/643797/}}, 
  journal={[LWN.net]}, 
  author={Corbet, Jonathan}, 
  year={2015}, 
  month={May}
}

@article{Ngabonziza, 
 title={TrustZone Explained: Architectural Features and Use Cases}, 
 DOI={10.1109/cic.2016.065}, 
 journal={2016 IEEE 2nd International Conference on Collaboration and Internet Computing (CIC)}, 
 author={Ngabonziza, Bernard and Martin, Daniel and Bailey, Anna and Cho, Haehyun and Martin, Sarah}, 
 year={2016}
} 

@article{Pinto, 
 title={Demystifying Arm TrustZone}, 
 volume={51}, 
 DOI={10.1145/3291047}, 
 number={6}, 
 journal={ACM Computing Surveys}, 
 author={Pinto, Sandro and Santos, Nuno}, 
 year={2019}
} 

@misc{ARM,
  title={TrustZone for Armv8-A},
  note={\url{https://developer.arm.com/-/media/Arm%20Developer%20Community/PDF/Learn%20the%20Architecture/TrustZone%20for%20Armv8-A.pdf?revision=c3134c8e-f1d0-42ff-869e-0e6a6bab824f}}, 
  journal={TrustZone for Armv8-A - Arm Developer}, 
  year={2019}
}

@book{Intel, 
  title={Architecture Software Developerâ€™s Manual 1997}, 
  place={Mt. Prospect, IL}, 
  publisher={Intel}, 
  year={1997}
}

@article{HSB, 
  title={The Art of App Compartmentalization}, 
  DOI={10.1145/3133956.3134064}, 
  journal={Proceedings of the 2017 ACM SIGSAC Conference on Computer and Communications Security}, 
  author={Huang, Jie and Schranz, Oliver and Bugiel, Sven and Backes, Michael}, 
  year={2017}
}